@inproceedings{kennedy1995automatic,
  title={Automatic data layout for high performance Fortran},
  author={Kennedy, Ken and Kremer, Ulrich},
  booktitle={Proceedings of the 1995 ACM/IEEE conference on Supercomputing},
  pages={76--es},
  year={1995}
}